%%
%% А вот так оформляется библиография при помощи BibTeX.
%%

@book{methodic,
  author = {Гагарина Л.Г. and Касимов Р.А. and Коваленко Д.Г. and Федотова Е.Л and Чжо Зо Е and Черников Б.В.},
  editor = {Б.В. Черникова},
  title = {Методические указания по подготовке выпускной квалификационной работы по направлению подготовки бакалавров 09.03.04 «Программная инженерия»},
  publisher = {МИЭТ},
  pagetotal = {20},
  year = {2016},
  language = "russian"
}

@online{orioks,
  author = {ОРИОКС},
  title = {ОРИОКС},
  year = {2018},
  url = {https://orioks.miet.ru/},
  urldate = {20.04.2018},
  language = "russian"
}

@online{market:mietSchedule,
  author = {Google Play},
  title = {Приложения в Google Play "--- Расписание для МИЭТ},
  year = {2018},
  url = {https://play.google.com/store/apps/details?id=com.alex.miet.mobile},
  urldate = {25.04.2018},
  language = "russian"
}

@online{market:orioksLive,
  author = {Google Play},
  title = {Приложения в Google Play "--- ОРИОКС Live},
  year = {2018},
  url = {https://play.google.com/store/apps/details?id=com.eva.oriokslive},
  urldate = {25.04.2018},
  language = "russian"
}

@online{github:openOrioks,
  author = {GitHub},
  title = {dzmuh97/OpenOrioks "--- Уведомления из ОРИОКС и ОРОКС для студентов},
  year = {2018},
  url = {https://github.com/dzmuh97/OpenOrioks},
  urldate = {26.04.2018},
  language = "russian"
}
